<record><leader>00000cas a22000007a 4500</leader><controlfield tag="001">20109938</controlfield><controlfield tag="008">890801d19171964mouwr ne      0    0eng d</controlfield><datafield ind1=" " ind2=" " tag="010"><subfield code="a">sn 89066890 </subfield></datafield><datafield ind1=" " ind2=" " tag="040"><subfield code="a">MQN</subfield><subfield code="b">eng</subfield><subfield code="c">MQN</subfield><subfield code="d">OCLCQ</subfield></datafield><datafield ind1=" " ind2=" " tag="042"><subfield code="a">msc</subfield></datafield><datafield ind1="0" ind2="0" tag="245"><subfield code="a">Stone County news-oracle.</subfield></datafield><datafield ind1="3" ind2="0" tag="246"><subfield code="a">Stone Co. news-oracle</subfield></datafield><datafield ind1=" " ind2=" " tag="260"><subfield code="a">Galena, Stone County, Mo. :</subfield><subfield code="b">T.H. Tromly,</subfield><subfield code="c">1917-</subfield></datafield><datafield ind1=" " ind2=" " tag="300"><subfield code="a">v.</subfield></datafield><datafield ind1=" " ind2=" " tag="310"><subfield code="a">Weekly</subfield></datafield><datafield ind1="0" ind2=" " tag="362"><subfield code="a">Vol. 33, no. 9 (May 16, 1917)-</subfield></datafield><datafield ind1="1" ind2=" " tag="362"><subfield code="a">Ceased with Dec. 31, 1964 issue?</subfield></datafield><datafield ind1=" " ind2=" " tag="500"><subfield code="a">Published as: Stone Co. news-oracle, Aug. 26, 1955-&lt;Dec. 31, 1964&gt;.</subfield></datafield><datafield ind1=" " ind2=" " tag="500"><subfield code="a">Publication moved to Crane, Mo., June 12, 1964.</subfield></datafield><datafield ind1=" " ind2=" " tag="515"><subfield code="a">Continues numbering of Stone County oracle.</subfield></datafield><datafield ind1=" " ind2=" " tag="752"><subfield code="a">United States</subfield><subfield code="b">Missouri</subfield><subfield code="c">Stone</subfield><subfield code="d">Crane.</subfield></datafield><datafield ind1=" " ind2=" " tag="752"><subfield code="a">United States</subfield><subfield code="b">Missouri</subfield><subfield code="c">Stone</subfield><subfield code="d">Galena.</subfield></datafield><datafield ind1="0" ind2="4" tag="780"><subfield code="t">Stone County oracle</subfield><subfield code="w">(DLC)sn 89066892</subfield></datafield><datafield ind1="0" ind2="4" tag="780"><subfield code="t">Stone County news</subfield><subfield code="w">(DLC)sn 89066891</subfield></datafield></record>